<?xml version="1.0" encoding="UTF-8"?><record xmlns="http://www.loc.gov/MARC21/slim" xmlns:cinclude="http://apache.org/cocoon/include/1.0" xmlns:zs="http://www.loc.gov/zing/srw/">
  <leader>00563nz  a2200193n  4500</leader>
  <controlfield tag="001">nr 98000829 </controlfield>
  <controlfield tag="003">DLC</controlfield>
  <controlfield tag="005">19990306051946.8</controlfield>
  <controlfield tag="008">980109n| acabaaaa|          |a aaa      </controlfield>
  <datafield tag="010" ind1=" " ind2=" ">
    <subfield code="a">nr 98000829 </subfield>
  </datafield>
  <datafield tag="040" ind1=" " ind2=" ">
    <subfield code="a">DLC-R</subfield>
    <subfield code="c">DLC-R</subfield>
  </datafield>
  <datafield tag="100" ind1="1" ind2="0">
    <subfield code="a">Saitō, Hisashi,</subfield>
    <subfield code="d">1933-</subfield>
    <subfield code="t">Kenpō no kenkyū sōsho</subfield>
  </datafield>
  <datafield tag="430" ind1=" " ind2="0">
    <subfield code="a">Kenpō no kenkyū sōsho</subfield>
  </datafield>
  <datafield tag="642" ind1=" " ind2=" ">
    <subfield code="a">dai 2-kan</subfield>
    <subfield code="5">DLC</subfield>
  </datafield>
  <datafield tag="643" ind1=" " ind2=" ">
    <subfield code="a">Tōkyō</subfield>
    <subfield code="b">Hyōronsha</subfield>
  </datafield>
  <datafield tag="644" ind1=" " ind2=" ">
    <subfield code="a">f</subfield>
    <subfield code="5">DLC</subfield>
  </datafield>
  <datafield tag="645" ind1=" " ind2=" ">
    <subfield code="a">t</subfield>
    <subfield code="5">DLC</subfield>
  </datafield>
  <datafield tag="646" ind1=" " ind2=" ">
    <subfield code="a">s</subfield>
    <subfield code="5">DLC</subfield>
  </datafield>
  <datafield tag="670" ind1=" " ind2=" ">
    <subfield code="a">Kenryoku kaigi no Kenpō gakuteki kenkyū, 1997:</subfield>
    <subfield code="b">t.p. (Kenpō no kenkyū sōsho)</subfield>
  </datafield>
</record>